<?xml version="1.0" encoding="UTF-8"?><collection xmlns="http://www.loc.gov/MARC21/slim"><record><leader>00541nam--2200193-u-4500</leader><controlfield tag="001">000053531</controlfield><controlfield tag="002">20161230</controlfield><controlfield tag="005">20161230201051</controlfield><controlfield tag="008">110412s1000------------r-----000-0-eng-d</controlfield><datafield ind1=" " ind2=" " tag="020"><subfield code="a">4056995006</subfield></datafield><datafield ind1=" " ind2=" " tag="040"><subfield code="a">IFIN-HH</subfield></datafield><datafield ind1=" " ind2=" " tag="080"><subfield code="a">51-37:51-7</subfield></datafield><datafield ind1="1" ind2=" " tag="100"><subfield code="a">Hamming, Richard W</subfield></datafield><datafield ind1="1" ind2="0" tag="245"><subfield code="a">The art of doing science and engineering</subfield><subfield code="b">Learning to learn</subfield><subfield code="c">Richard w. hamming</subfield></datafield><datafield ind1=" " ind2=" " tag="260"><subfield code="a">Amsterdam</subfield><subfield code="b">Gordon And Breach Dscience Publishers</subfield><subfield code="c">1997</subfield></datafield><datafield ind1=" " ind2=" " tag="300"><subfield code="a">364P</subfield></datafield><datafield ind1=" " ind2="4" tag="650"><subfield code="a">Engineering</subfield></datafield><datafield ind1=" " ind2=" " tag="852"><subfield code="a">81377</subfield><subfield code="c">5</subfield></datafield><datafield ind1=" " ind2=" " tag="CAT"><subfield code="a">Sys</subfield><subfield code="c">20110412</subfield><subfield code="h">082623</subfield></datafield></record></collection>